@article{mcculloch1991bayesian,
	Author = {McCulloch, Robert and Rossi, Peter E},
	Date-Added = {2020-01-26 13:27:43 +0100},
	Date-Modified = {2020-01-26 13:27:43 +0100},
	Journal = {Journal of Econometrics},
	Number = {1-2},
	Pages = {141--168},
	Publisher = {Elsevier},
	Title = {A {B}ayesian approach to testing the arbitrage pricing theory},
	Volume = {49},
	Year = {1991}}

@article{grelaud2009abc,
	Author = {Grelaud, Aude and Robert, Christian P and Marin, Jean-Michel and Rodolphe, Francois and Taly, Jean-Fran{\c{c}}ois},
	Date-Added = {2020-01-25 18:37:45 +0100},
	Date-Modified = {2020-01-25 18:37:45 +0100},
	Journal = {Bayesian Analysis},
	Number = {2},
	Pages = {317--335},
	Publisher = {International Society for Bayesian Analysis},
	Title = {{ABC} likelihood-free methods for model choice in {G}ibbs random fields},
	Volume = {4},
	Year = {2009}}

	
@article{peters2012sequential,
  title={On sequential Monte Carlo, partial rejection control and approximate Bayesian computation},
  author={Peters, Gareth W and Fan, Yanan and Sisson, Scott A},
  journal={Statistics and Computing},
  volume={22},
  number={6},
  pages={1209--1222},
  year={2012},
  publisher={Springer}
}

@article{del2012adaptive,
  title={An adaptive sequential Monte Carlo method for approximate Bayesian computation},
  author={Del Moral, Pierre and Doucet, Arnaud and Jasra, Ajay},
  journal={Statistics and computing},
  volume={22},
  number={5},
  pages={1009--1020},
  year={2012},
  publisher={Springer}
}

@article{sisson2011likelihood,
  title={Likelihood-free markov chain monte carlo},
  author={Sisson, Scott A and Fan, Yanan},
  journal={Handbook of Markov Chain Monte Carlo. Chapman and Hall},
  year={2011}
}

@phdthesis{peters2010advances,
  title={Advances in approximate Bayesian computation and trans-dimensional sampling methodology},
  author={Peters, Gareth William},
  year={2010},
  school={UNSW Sydney}
}

@article{blum2010approximate,
  title={Approximate Bayesian computation: a nonparametric perspective},
  author={Blum, Michael GB},
  journal={Journal of the American Statistical Association},
  volume={105},
  number={491},
  pages={1178--1187},
  year={2010},
  publisher={Taylor \& Francis}
}

@article{peters2006bayesian,
  title={Bayesian Inference, Monte Carlo Sampling and Operational Risk.},
  author={Peters, Gareth and Sisson, Scott},
  journal={Peters GW and Sisson SA (2006)â€œBayesian Inference, Monte Carlo Sampling and Operational Risk". Journal of Operational Risk},
  volume={1},
  number={3},
  year={2006}
}

@article{dean2014parameter,
  title={Parameter estimation for hidden Markov models with intractable likelihoods},
  author={Dean, Thomas A and Singh, Sumeetpal S and Jasra, Ajay and Peters, Gareth W},
  journal={Scandinavian Journal of Statistics},
  volume={41},
  number={4},
  pages={970--987},
  year={2014},
  publisher={Wiley Online Library}
}

@article{kass1995bayes,
	Author = {Kass, Robert E and Raftery, Adrian E},
	Date-Added = {2020-01-25 17:26:08 +0100},
	Date-Modified = {2020-01-25 17:26:08 +0100},
	Journal = {Journal of the American Statistical Association},
	Number = {430},
	Pages = {773--795},
	Publisher = {Taylor \& Francis},
	Title = {{B}ayes factors},
	Volume = {90},
	Year = {1995}}

@Article{Pa81,
  author     = {H. H. Panjer},
  title      = {Recursive Evaluation of a Family of Compound Distributions},
  journal    = {ASTIN Bulletin},
  year       = {1981},
  volume     = {12},
  number     = {1},
  pages      = {22--26},
  bdsk-url-1 = {https://doi.org/10.1017/S0515036100006796},
  doi        = {10.1017/S0515036100006796},
  publisher  = {Cambridge University Press},
}

@Article{SuJe81,
  author     = {B. Sundt and W. S. Jewell},
  title      = {Further Results on Recursive Evaluation of Compound Distributions},
  journal    = {ASTIN Bulletin},
  year       = {1981},
  volume     = {12},
  number     = {1},
  pages      = {27--39},
  bdsk-url-1 = {https://doi.org/10.1017/S0515036100006802},
  doi        = {10.1017/S0515036100006802},
  publisher  = {Cambridge University Press},
}

@inbook{Ka65,
	Address = {Pergamon Press, Oxford},
	Author = {Leo Katz},
	Publisher = {in: Classical and Contagious Discrete Distributions},
	Title = {Unified treatment of a broad class of discrete probability distributions},
	Year = {1965}}

@article{GoJaMe19,
	Author = {Goffard, Pierre-Olivier and Jammalamadaka, S Rao and Meintanis, Simos G.},
	Title = {Goodness-of-fit tests for compound distributions with applications in insurance},
	Year = {2019}}

@article{Ch10,
	Author = {Chaudhury, M.},
	Date-Added = {2018-01-05 13:34:28 +0000},
	Date-Modified = {2018-01-05 13:34:40 +0000},
	Journal = {The Journal of Operational Risk},
	Number = {3},
	Pages = {37},
	Publisher = {Incisive Media Limited},
	Title = {A review of the key issues in operational risk capital modeling},
	Volume = {5},
	Year = {2010}}

@article{KoMe02,
	Author = {Koutrouvelis, Ioannis A and Meintanis, Simos},
	Journal = {Australian \& New Zealand Journal of Statistics},
	Number = {2},
	Pages = {233--245},
	Publisher = {Wiley Online Library},
	Title = {Theory \& Methods: Estimating the parameters of {P}oisson-exponential models},
	Volume = {44},
	Year = {2002}}

@article{DP86,
	Author = {N. De Pril},
	Journal = {Scandinavian Actuarial Journal},
	Number = {2},
	Pages = {117-120},
	Title = {Moments of a class of compound distributions},
	Year = {1986},
	Bdsk-Url-1 = {http://dx.doi.org/10.1080/03461238.1986.10413800}}

@book{RoscScTe09,
	Author = {Rolski, Tomasz and Schmidli, Hanspeter and Schmidt, Volker and Teugels, Jozef L},
	Publisher = {John Wiley \& Sons},
	Title = {Stochastic Processes for Insurance and Finance},
	Volume = {505},
	Year = {2009}}

@article{GoLa17,
	Author = {Goffard, Pierre-Olivier and Laub, Patrick J},
	Journal = {arXiv preprint arXiv:1712.03468},
	Title = {Orthogonal polynomial expansions to evaluate stop-loss premiums},
	Year = {2019}}

@book{AsAl10,
	Author = {Asmussen, S{\o}ren and Albrecher, Hansj{\"o}rg},
	Edition = {2nd},
	Publisher = {World Scientific},
	Series = {Advanced Series on Statistical Science and Applied Probability},
	Title = {Ruin Probabilities},
	Volume = {14},
	Year = {2010}}

@book{SiFaBe18,
	Author = {Sisson, Scott A and Fan, Yanan and Beaumont, Mark},
	Publisher = {Chapman and Hall/CRC},
	Title = {Handbook of Approximate {B}ayesian Computation},
	Year = {2018}}

@article{DMDoJa12,
	Author = {Del Moral, Pierre and Doucet, Arnaud and Jasra, Ajay},
	Journal = {Statistics and Computing},
	Number = {5},
	Pages = {1009--1020},
	Publisher = {Springer},
	Title = {An adaptive sequential {M}onte {C}arlo method for approximate {B}ayesian computation},
	Volume = {22},
	Year = {2012}}

@article{Wi13,
	Author = {Wilkinson, Richard David},
	Journal = {Statistical Applications in Genetics and Molecular Biology},
	Number = {2},
	Pages = {129--141},
	Publisher = {De Gruyter},
	Title = {Approximate {B}ayesian computation ({ABC}) gives exact results under the assumption of model error},
	Volume = {12},
	Year = {2013}}

@article{BeZhBa02,
	Author = {Beaumont, Mark A and Zhang, Wenyang and Balding, David J},
	Journal = {Genetics},
	Number = {4},
	Pages = {2025--2035},
	Publisher = {Genetics Soc America},
	Title = {Approximate {B}ayesian computation in population genetics},
	Volume = {162},
	Year = {2002}}

@article{Bl10,
	Author = {Blum, Michael GB},
	Journal = {Journal of the American Statistical Association},
	Number = {491},
	Pages = {1178--1187},
	Publisher = {Taylor \& Francis},
	Title = {Approximate {B}ayesian computation: a nonparametric perspective},
	Volume = {105},
	Year = {2010}}

@article{FePr12,
	Author = {Fearnhead, Paul and Prangle, Dennis},
	Journal = {Journal of the Royal Statistical Society: Series B (Statistical Methodology)},
	Number = {3},
	Pages = {419--474},
	Publisher = {Wiley Online Library},
	Title = {Constructing summary statistics for approximate {B}ayesian computation: semi-automatic approximate {B}ayesian computation},
	Volume = {74},
	Year = {2012}}

@article{BlNuPrSi13,
	Author = {Blum, Michael GB and Nunes, Maria Antonieta and Prangle, Dennis and Sisson, Scott A},
	Journal = {Statistical Science},
	Number = {2},
	Pages = {189--208},
	Publisher = {Institute of Mathematical Statistics},
	Title = {A comparative review of dimension reduction methods in approximate {B}ayesian computation},
	Volume = {28},
	Year = {2013}}

@incollection{SiFa18,
	Author = {Sisson, Scott A and Fan, Yanan},
	Booktitle = {Handbook of {A}pproximate {B}ayesian {C}omputation},
	Pages = {87--123},
	Publisher = {Chapman and Hall/CRC},
	Title = {{ABC} samplers},
	Year = {2018}}

@article{JiWuZhWo17,
	Author = {Jiang, Bai and Wu, Tung-yu and Zheng, Charles and Wong, Wing H},
	Journal = {Statistica Sinica},
	Pages = {1595--1618},
	Publisher = {JSTOR},
	Title = {Learning summary statistic for approximate {B}ayesian computation via deep neural network},
	Year = {2017}}

@article{PuMaEsCoGaRo15,
	Author = {Pudlo, Pierre and Marin, Jean-Michel and Estoup, Arnaud and Cornuet, Jean-Marie and Gautier, Mathieu and Robert, Christian P},
	Journal = {Bioinformatics},
	Number = {6},
	Pages = {859--866},
	Publisher = {Oxford University Press},
	Title = {Reliable {ABC} model choice via random forests},
	Volume = {32},
	Year = {2015}}

@article{PrFeCoBiFr14,
	Author = {Prangle, Dennis and Fearnhead, Paul and Cox, Murray P and Biggs, Patrick J and French, Nigel P},
	Journal = {Statistical Applications in Genetics and Molecular Biology},
	Number = {1},
	Pages = {67--82},
	Publisher = {De Gruyter},
	Title = {Semi-automatic selection of summary statistics for {ABC} model choice},
	Volume = {13},
	Year = {2014}}

@article{prangle2018rare,
	Author = {Prangle, Dennis and Everitt, Richard G and Kypraios, Theodore},
	Journal = {Statistics and Computing},
	Number = {4},
	Pages = {819--834},
	Publisher = {Springer},
	Title = {A rare event approach to high-dimensional approximate {B}ayesian computation},
	Volume = {28},
	Year = {2018}}

@article{rubio2013simple,
	Author = {Rubio, FJ and Johansen, Adam M},
	Journal = {Electronic Journal of Statistics},
	Pages = {1632--1654},
	Publisher = {The Institute of Mathematical Statistics and the Bernoulli Society},
	Title = {A simple approach to maximum intractable likelihood estimation},
	Volume = {7},
	Year = {2013}}

@article{bernton2019approximate,
	Author = {Bernton, Espen and Jacob, Pierre E and Gerber, Mathieu and Robert, Christian P},
	Journal = {Journal of the Royal Statistical Society: Series B (Statistical Methodology)},
	Number = {2},
	Pages = {235--269},
	Publisher = {Wiley Online Library},
	Title = {Approximate {B}ayesian computation with the {W}asserstein distance},
	Volume = {81},
	Year = {2019}}

@article{beaumont2009adaptive,
	Author = {Beaumont, Mark A and Cornuet, Jean-Marie and Marin, Jean-Michel and Robert, Christian P},
	Journal = {Biometrika},
	Number = {4},
	Pages = {983--990},
	Publisher = {Oxford University Press},
	Title = {Adaptive approximate {B}ayesian computation},
	Volume = {96},
	Year = {2009}}

@article{doi:10.1111/rssb.12356,
	Author = {Frazier, David T. and Robert, Christian P. and Rousseau, Judith},
	Doi = {10.1111/rssb.12356},
	Eprint = {https://rss.onlinelibrary.wiley.com/doi/pdf/10.1111/rssb.12356},
	Journal = {Journal of the Royal Statistical Society: Series B (Statistical Methodology)},
	Number = {n/a},
	Title = {Model misspecification in approximate {B}ayesian computation: consequences and diagnostics},
	Url = {https://rss.onlinelibrary.wiley.com/doi/abs/10.1111/rssb.12356},
	Volume = {n/a},
	Bdsk-Url-1 = {https://rss.onlinelibrary.wiley.com/doi/abs/10.1111/rssb.12356},
	Bdsk-Url-2 = {https://doi.org/10.1111/rssb.12356}}

@article{sousa2009approximate,
	Author = {Sousa, Vitor C and Fritz, Marielle and Beaumont, Mark A and Chikhi, Loun{\`e}s},
	Journal = {Genetics},
	Number = {4},
	Pages = {1507--1519},
	Publisher = {Genetics Soc America},
	Title = {Approximate {B}ayesian computation without summary statistics: the case of admixture},
	Volume = {181},
	Year = {2009}}

@Article{10.1093/bioinformatics/btp619,
  author   = {Toni, Tina and Stumpf, Michael P. H.},
  title    = {{Simulation-based model selection for dynamical systems in systems and population biology}},
  journal  = {Bioinformatics},
  year     = {2009},
  volume   = {26},
  number   = {1},
  pages    = {104-110},
  month    = {10},
  issn     = {1367-4803},
  doi      = {10.1093/bioinformatics/btp619},
  eprint   = {https://academic.oup.com/bioinformatics/article-pdf/26/1/104/16893632/btp619.pdf},
  url      = {https://doi.org/10.1093/bioinformatics/btp619},
}

@Article{Fearnhead2012,
  author    = {Paul Fearnhead and Dennis Prangle},
  title     = {Constructing summary statistics for approximate {B}ayesian computation: semi-automatic approximate {B}ayesian computation [with Discussion]},
  journal   = {Journal of the Royal Statistical Society. Series B (Statistical Methodology)},
  year      = {2012},
  volume    = {74},
  number    = {3},
  pages     = {419--474},
  issn      = {13697412, 14679868},
  publisher = {Wiley},
  url       = {http://www.jstor.org/stable/41674639},
}

@Article{robert2011lack,
  author    = {Robert, Christian P and Cornuet, Jean-Marie and Marin, Jean-Michel and Pillai, Natesh S},
  title     = {Lack of confidence in approximate {B}ayesian computation model choice},
  journal   = {Proceedings of the National Academy of Sciences},
  year      = {2011},
  volume    = {108},
  number    = {37},
  pages     = {15112--15117},
  publisher = {National Acad Sciences},
}

@Article{Brown1986,
  author    = {Lawrence D. Brown},
  journal   = {Lecture Notes-Monograph Series},
  title     = {Fundamentals of Statistical Exponential Families with Applications in Statistical Decision},
  year      = {1986},
  issn      = {07492170},
  pages     = {i--279},
  volume    = {9},
  groups    = {[pierr:]},
  publisher = {Institute of Mathematical Statistics},
  url       = {http://www.jstor.org/stable/4355554},
}

@Book{albrecher2017reinsurance,
  title     = {Reinsurance: Actuarial and Statistical Aspects},
  publisher = {John Wiley \& Sons},
  year      = {2017},
  author    = {Albrecher, Hansj{\"o}rg and Beirlant, Jan and Teugels, Jozef L},
  series    = {Wiley Series in Probability and Statistics},
  address   = {Chichester},
}

@Book{gelman2013bayesian,
  title     = {{B}ayesian Data Analysis},
  publisher = {Chapman and Hall/CRC},
  year      = {2013},
  author    = {Gelman, Andrew and Carlin, John B and Stern, Hal S and Dunson, David B and Vehtari, Aki and Rubin, Donald B},
}

@Article{buchmann2003,
  author    = {Buchmann, Boris and GrÃ¼bel, Rudolf},
  title     = {Decompounding: an estimation problem for {P}oisson random sums},
  journal   = {Ann. Statist.},
  year      = {2003},
  volume    = {31},
  number    = {4},
  pages     = {1054--1074},
  month     = {08},
  doi       = {10.1214/aos/1059655905},
  fjournal  = {The Annals of Statistics},
  publisher = {The Institute of Mathematical Statistics},
  url       = {https://doi.org/10.1214/aos/1059655905},
}

@Article{vanes2007,
  author    = {van Es, Bert and Gugushvili, Shota and Spreij, Peter},
  title     = {A kernel type nonparametric density estimator for decompounding},
  journal   = {Bernoulli},
  year      = {2007},
  volume    = {13},
  number    = {3},
  pages     = {672--694},
  month     = {08},
  doi       = {10.3150/07-BEJ6091},
  fjournal  = {Bernoulli},
  publisher = {Bernoulli Society for Mathematical Statistics and Probability},
  url       = {https://doi.org/10.3150/07-BEJ6091},
}

@Article{bogsted2010decompounding,
  author    = {B{\o}gsted, Martin and Pitts, Susan M},
  title     = {Decompounding random sums: a nonparametric approach},
  journal   = {Annals of the Institute of Statistical Mathematics},
  year      = {2010},
  volume    = {62},
  number    = {5},
  pages     = {855--872},
  publisher = {Springer},
}

@Article{coca2018efficient,
  author    = {Coca, Alberto J},
  title     = {Efficient nonparametric inference for discretely observed compound {P}oisson processes},
  journal   = {Probability Theory and Related Fields},
  year      = {2018},
  volume    = {170},
  number    = {1-2},
  pages     = {475--523},
  publisher = {Springer},
}

@Article{gugushvili2018non,
  author    = {Gugushvili, Shota and van der Meulen, Frank and Spreij, Peter},
  title     = {A non-parametric {B}ayesian approach to decompounding from high frequency data},
  journal   = {Statistical Inference for Stochastic Processes},
  year      = {2018},
  volume    = {21},
  number    = {1},
  pages     = {53--79},
  publisher = {Springer},
}

@Article{peters2006bayesian,
  author  = {Peters, Gareth and Sisson, Scott},
  title   = {{B}ayesian Inference, {M}onte {C}arlo Sampling and Operational Risk.},
  journal = {Journal of Operational Risk},
  year    = {2006},
  volume  = {1},
  number  = {3},
}

@article{peters2010chain,
  title={Chain ladder method: {B}ayesian bootstrap versus classical bootstrap},
  author={Peters, Gareth W and W{\"u}thrich, Mario V and Shevchenko, Pavel V},
  journal={Insurance: Mathematics and Economics},
  volume={47},
  number={1},
  pages={36--51},
  year={2010},
  publisher={Elsevier}
}

@InBook{doi:10.1142/9781786341952_0008,
  chapter   = {6},
  pages     = {127-150},
  title     = {Orthonormal Polynomial Expansions and Lognormal Sum Densities},
  author    = {SÃ¸ren Asmussen and Pierre-Olivier Goffard and Patrick J. Laub},
  booktitle = {Risk and Stochastics},
  doi       = {10.1142/9781786341952_0008},
  eprint    = {https://www.worldscientific.com/doi/pdf/10.1142/9781786341952_0008},
  url       = {https://www.worldscientific.com/doi/abs/10.1142/9781786341952_0008},
}

@Article{GARRIDO2016205,
  author   = {J. Garrido and C. Genest and J. Schulz},
  title    = {Generalized linear models for dependent frequency and severity of insurance claims},
  journal  = {Insurance: Mathematics and Economics},
  year     = {2016},
  volume   = {70},
  pages    = {205 - 215},
  issn     = {0167-6687},
  doi      = {https://doi.org/10.1016/j.insmatheco.2016.06.006},
  keywords = {Aggregate claims model, Claim frequency, Claim severity, Dependence, Exponential dispersion models, Generalized linear model, Loss cost},
  url      = {http://www.sciencedirect.com/science/article/pii/S0167668715303358},
}

@Article{SHI2015417,
  author   = {Peng Shi and Xiaoping Feng and Anastasia Ivantsova},
  title    = {Dependent frequencyâ€“severity modeling of insurance claims},
  journal  = {Insurance: Mathematics and Economics},
  year     = {2015},
  volume   = {64},
  pages    = {417 - 428},
  issn     = {0167-6687},
  doi      = {https://doi.org/10.1016/j.insmatheco.2015.07.006},
  keywords = {Hurdle model, Conditional decomposition, Copula, Out-of-sample validation, Portfolio risk},
  url      = {http://www.sciencedirect.com/science/article/pii/S0167668715001183},
}

@Article{renshaw_1994,
  author    = {Renshaw, Arthur E.},
  title     = {Modelling the Claims Process in the Presence of Covariates},
  journal   = {ASTIN Bulletin},
  year      = {1994},
  volume    = {24},
  number    = {2},
  pages     = {265â€“285},
  doi       = {10.2143/AST.24.2.2005070},
  publisher = {Cambridge University Press},
}

@Article{doi:10.1080/10920277.2011.10597626,
  author    = {Frees, Edward W. and Jie Gao and Marjorie A. Rosenberg},
  journal   = {North American Actuarial Journal},
  title     = {Predicting the Frequency and Amount of Health Care Expenditures},
  year      = {2011},
  number    = {3},
  pages     = {377-392},
  volume    = {15},
  doi       = {10.1080/10920277.2011.10597626},
  eprint    = {https://doi.org/10.1080/10920277.2011.10597626},
  publisher = {Routledge},
  url       = {https://doi.org/10.1080/10920277.2011.10597626},
}

@Article{dutang2016casdatasets,
  author  = {Dutang, C and Charpentier, A},
  title   = {{CAS}datasets: Insurance datasets (Official website)},
  journal = {http://cas.uqam.ca/},
  year    = {2016}
}

@Article{salvatier2016probabilistic,
  author    = {Salvatier, John and Wiecki, Thomas V and Fonnesbeck, Christopher},
  title     = {Probabilistic programming in Python using {PyMC3}},
  journal   = {PeerJ Computer Science},
  year      = {2016},
  volume    = {2},
  pages     = {e55},
  publisher = {PeerJ Inc.},
}

@Article{Bernton2019,
  author  = {Bernton, Espen and Jacob, Pierre E and Gerber, Mathieu and Robert, Christian P},
  journal = {Information and Inference: A Journal of the IMA},
  title   = {On parameter estimation with the {W}asserstein distance},
  year    = {2019},
  issn    = {2049-8772},
  month   = {10},
  number  = {4},
  pages   = {657-676},
  volume  = {8},
  doi     = {10.1093/imaiai/iaz003},
  eprint  = {https://academic.oup.com/imaiai/article-pdf/8/4/657/31772180/iaz003.pdf},
  groups  = {[pierr:]},
  url     = {https://doi.org/10.1093/imaiai/iaz003},
}

@Article{RODRIGUES201853,
  author   = {G.S. Rodrigues and D. Prangle and S.A. Sisson},
  title    = {Recalibration: A post-processing method for approximate {B}ayesian computation},
  journal  = {Computational Statistics \& Data Analysis},
  year     = {2018},
  volume   = {126},
  pages    = {53 - 66},
  issn     = {0167-9473},
  doi      = {https://doi.org/10.1016/j.csda.2018.04.004},
  url      = {http://www.sciencedirect.com/science/article/pii/S0167947318300859},
}

@InProceedings{tweedie1984index,
  author    = {Tweedie, Maurice CK},
  title     = {An index which distinguishes between some important exponential families},
  booktitle = {Statistics: Applications and new directions: Proc. Indian statistical institute golden Jubilee International conference},
  year      = {1984},
  volume    = {579},
  pages     = {579--604},
}

@Article{Jorgensen1994,
  author    = {Bent J{\o}rgensen and Marta C. Paes De Souza},
  title     = {Fitting {T}weedie's compound {P}oisson model to insurance claims data},
  journal   = {Scandinavian Actuarial Journal},
  year      = {1994},
  volume    = {1994},
  number    = {1},
  pages     = {69--93},
  month     = {jan},
  doi       = {10.1080/03461238.1994.10413930},
  publisher = {Informa {UK} Limited},
}

@Article{smyth_jorgensen_2002,
  author    = {Smyth, Gordon K. and JÃ¸rgensen, Bent},
  title     = {Fitting {T}weedie's Compound {P}oisson Model to Insurance Claims Data: Dispersion Modelling},
  journal   = {ASTIN Bulletin},
  year      = {2002},
  volume    = {32},
  number    = {1},
  pages     = {143â€“157},
  doi       = {10.2143/AST.32.1.1020},
  publisher = {Cambridge University Press},
}

@Article{Wuethrich2003,
  author    = {Mario V. WÃ¼thrich},
  title     = {Claims Reserving Using {T}weedie's Compound {P}oisson Model},
  journal   = {{ASTIN} Bulletin},
  year      = {2003},
  volume    = {33},
  number    = {2},
  pages     = {331--346},
  month     = {nov},
  doi       = {10.1017/s0515036100013490},
  publisher = {Cambridge University Press ({CUP})},
}

@Article{wuthrich2015stochastic,
  author  = {Wuthrich, Mario V and Merz, Michael},
  title   = {Stochastic claims reserving manual: Advances in dynamic modeling},
  journal = {Swiss Finance Institute Research Paper},
  year    = {2015},
  number  = {15-34},
}

@Article{Leveille2010,
  author    = {Ghislain L{\'{e}}veill{\'{e}} and Jos{\'{e}} Garrido and Ya Fang Wang},
  title     = {Moment generating functions of compound renewal sums with discounted claims},
  journal   = {Scandinavian Actuarial Journal},
  year      = {2010},
  volume    = {2010},
  number    = {3},
  pages     = {165--184},
  month     = {sep},
  doi       = {10.1080/03461230902745842},
  publisher = {Informa {UK} Limited},
}

@Article{Wang2020,
  author    = {Yinzhi Wang and Ingrid Hob{\ae}k Haff and Arne Huseby},
  title     = {Modelling extreme claims via composite models and threshold selection methods},
  journal   = {Insurance: Mathematics and Economics},
  year      = {2020},
  volume    = {91},
  pages     = {257--268},
  month     = {mar},
  doi       = {10.1016/j.insmatheco.2020.02.009},
  publisher = {Elsevier {BV}},
}

@Article{Cooray2005,
  author    = {Kahadawala Cooray and Malwane Ananda},
  title     = {Modeling actuarial data with a composite lognormal-Pareto model},
  journal   = {Scandinavian Actuarial Journal},
  year      = {2005},
  volume    = {2005},
  number    = {5},
  pages     = {321--334},
  month     = {sep},
  doi       = {10.1080/03461230510009763},
  publisher = {Informa {UK} Limited},
}

@Article{Scollnik2012,
  author    = {David P. M. Scollnik and Chenchen Sun},
  title     = {Modeling with Weibull-Pareto Models},
  journal   = {North American Actuarial Journal},
  year      = {2012},
  volume    = {16},
  number    = {2},
  pages     = {260--272},
  month     = {apr},
  doi       = {10.1080/10920277.2012.10590640},
  publisher = {Informa {UK} Limited},
}

@Article{hesselager_1996,
  author    = {Hesselager, Ole},
  title     = {Recursions for certain bivariate counting distributions and their compound distributions},
  journal   = {ASTIN Bulletin},
  year      = {1996},
  volume    = {26},
  number    = {1},
  pages     = {35â€“52},
  doi       = {10.2143/AST.26.1.563232},
  publisher = {Cambridge University Press},
}

@Article{Kong1994,
  author    = {Augustine Kong and Jun S. Liu and Wing Hung Wong},
  title     = {Sequential Imputations and {B}ayesian Missing Data Problems},
  journal   = {Journal of the American Statistical Association},
  year      = {1994},
  volume    = {89},
  number    = {425},
  pages     = {278--288},
  month     = {mar},
  doi       = {10.1080/01621459.1994.10476469},
  publisher = {Informa {UK} Limited},
}

@Article{AMBAGASPITIYA1999301,
  author   = {Rohana S. Ambagaspitiya},
  title    = {On the distributions of two classes of correlated aggregate claims},
  journal  = {Insurance: Mathematics and Economics},
  year     = {1999},
  volume   = {24},
  number   = {3},
  pages    = {301 - 308},
  issn     = {0167-6687},
  doi      = {https://doi.org/10.1016/S0167-6687(99)00006-2},
  url      = {http://www.sciencedirect.com/science/article/pii/S0167668799000062},
}

@Article{Gerber2019,
  author    = {Mathieu Gerber and Nicolas Chopin and Nick Whiteley},
  title     = {Negative association, ordering and convergence of resampling methods},
  journal   = {The Annals of Statistics},
  year      = {2019},
  volume    = {47},
  number    = {4},
  pages     = {2236--2260},
  month     = {aug},
  doi       = {10.1214/18-aos1746},
  publisher = {Institute of Mathematical Statistics},
}

@Article{Peters2017,
  author    = {Gareth Peters and Rodrigo Targino and Mario WÃ¼thrich},
  title     = {{B}ayesian Modelling, {M}onte {C}arlo Sampling and Capital Allocation of Insurance Risks},
  journal   = {Risks},
  year      = {2017},
  volume    = {5},
  number    = {4},
  pages     = {53},
  month     = {sep},
  doi       = {10.3390/risks5040053},
  publisher = {{MDPI} {AG}},
}

@Article{Targino2015,
  author    = {Rodrigo S. Targino and Gareth W. Peters and Pavel V. Shevchenko},
  title     = {Sequential {M}onte {C}arlo Samplers for capital allocation under copula-dependent risk models},
  journal   = {Insurance: Mathematics and Economics},
  year      = {2015},
  volume    = {61},
  pages     = {206--226},
  month     = {mar},
  doi       = {10.1016/j.insmatheco.2015.01.007},
  publisher = {Elsevier {BV}},
}

@Article{Peters2017a,
  author    = {Gareth W. Peters and Rodrigo S. Targino and Mario V. WÃ¼thrich},
  title     = {Full {B}ayesian analysis of claims reserving uncertainty},
  journal   = {Insurance: Mathematics and Economics},
  year      = {2017},
  volume    = {73},
  pages     = {41--53},
  month     = {mar},
  doi       = {10.1016/j.insmatheco.2016.12.007},
  publisher = {Elsevier {BV}},
}

@Book{Grandell1997,
  title     = {Mixed {P}oisson Processes},
  publisher = {Springer {US}},
  year      = {1997},
  author    = {Jan Grandell},
  doi       = {10.1007/978-1-4899-3117-7},
}

@Article{Streftaris2008,
  author    = {George Streftaris and Bruce J. Worton},
  title     = {Efficient and accurate approximate {B}ayesian inference with an application to insurance data},
  journal   = {Computational Statistics {\&} Data Analysis},
  year      = {2008},
  volume    = {52},
  number    = {5},
  pages     = {2604--2622},
  month     = {jan},
  doi       = {10.1016/j.csda.2007.09.006},
  publisher = {Elsevier {BV}},
}

@Article{Peters2017b,
  author    = {Gareth Peters and Rodrigo Targino and Mario WÃ¼thrich},
  journal   = {Risks},
  title     = {{B}ayesian Modelling, {M}onte {C}arlo Sampling and Capital Allocation of Insurance Risks},
  year      = {2017},
  month     = {sep},
  number    = {4},
  pages     = {53},
  volume    = {5},
  doi       = {10.3390/risks5040053},
  groups    = {pierr:6},
  publisher = {{MDPI} {AG}},
}

@Article{Chopin2002,
  author    = {N. Chopin},
  title     = {A sequential particle filter method for static models},
  journal   = {Biometrika},
  year      = {2002},
  volume    = {89},
  number    = {3},
  pages     = {539--552},
  month     = {aug},
  doi       = {10.1093/biomet/89.3.539},
  publisher = {Oxford University Press ({OUP})},
}

@Article{South2019,
  author    = {L. F. South and A. N. Pettitt and C. C. Drovandi},
  title     = {Sequential {M}onte {C}arlo Samplers with Independent {M}arkov Chain {M}onte {C}arlo Proposals},
  journal   = {Bayesian Analysis},
  year      = {2019},
  volume    = {14},
  number    = {3},
  pages     = {753--776},
  month     = {sep},
  doi       = {10.1214/18-ba1129},
  publisher = {Institute of Mathematical Statistics},
}

@Article{Blum2009,
  author    = {Michael G. B. Blum and Olivier Fran{\c{c}}ois},
  journal   = {Statistics and Computing},
  title     = {Non-linear regression models for Approximate {B}ayesian Computation},
  year      = {2009},
  month     = {mar},
  number    = {1},
  pages     = {63--73},
  volume    = {20},
  doi       = {10.1007/s11222-009-9116-0},
  publisher = {Springer Science and Business Media {LLC}},
}

@Article{Zhang2012,
  author    = {Yanwei Zhang},
  journal   = {Statistics and Computing},
  title     = {Likelihood-based and {B}ayesian methods for {T}weedie compound {P}oisson linear mixed models},
  year      = {2012},
  month     = {aug},
  number    = {6},
  pages     = {743--757},
  volume    = {23},
  doi       = {10.1007/s11222-012-9343-7},
  publisher = {Springer Science and Business Media {LLC}},
}

@Article{Lyubchich2016,
  author    = {Vyacheslav Lyubchich and Y. R. Gel},
  journal   = {Environmetrics},
  title     = {Can we weather proof our insurance?},
  year      = {2016},
  month     = {dec},
  number    = {2},
  pages     = {e2433},
  volume    = {28},
  doi       = {10.1002/env.2433},
  publisher = {Wiley},
}

@Article{Shi2016,
  author    = {Peng Shi and Xiaoping Feng and Jean-Philippe Boucher},
  journal   = {The Annals of Applied Statistics},
  title     = {Multilevel modeling of insurance claims using copulas},
  year      = {2016},
  month     = {jun},
  number    = {2},
  pages     = {834--863},
  volume    = {10},
  doi       = {10.1214/16-aoas914},
  publisher = {Institute of Mathematical Statistics},
}

@Article{Dunn2004,
  author    = {Peter K. Dunn},
  journal   = {International Journal of Climatology},
  title     = {Occurrence and quantity of precipitation can be modelled simultaneously},
  year      = {2004},
  month     = {jul},
  number    = {10},
  pages     = {1231--1239},
  volume    = {24},
  doi       = {10.1002/joc.1063},
  publisher = {Wiley},
}

@Article{Fontaine2019,
  author    = {Simon Fontaine and Yi Yang and Wei Qian and Yuwen Gu and Bo Fan},
  journal   = {Technometrics},
  title     = {A Unified Approach to Sparse {T}weedie Modeling of Multisource Insurance Claim Data},
  year      = {2019},
  month     = {sep},
  number    = {3},
  pages     = {339--356},
  volume    = {62},
  doi       = {10.1080/00401706.2019.1647881},
  publisher = {Informa {UK} Limited},
}

@InCollection{Freesa,
  author    = {Edward W. Frees},
  booktitle = {Predictive Modeling Applications In Actuarial Science},
  publisher = {Cambridge University Press},
  title     = {Frequency and Severity Models},
  editor    = {Edward W. Frees and Richard A. Derrig and Glenn Meyers},
  pages     = {138--164},
  doi       = {10.1017/cbo9781139342674.006},
}

@Article{Xacur2015,
  author    = {Oscar Alberto Quijano Xacur and Jos{\'{e}} Garrido},
  journal   = {European Actuarial Journal},
  title     = {Generalised linear models for aggregate claims: to {T}weedie or not?},
  year      = {2015},
  month     = {jun},
  number    = {1},
  pages     = {181--202},
  volume    = {5},
  doi       = {10.1007/s13385-015-0108-5},
  publisher = {Springer Science and Business Media {LLC}},
}

@Article{thorpe2017transportation,
  author    = {Thorpe, Matthew and Park, Serim and Kolouri, Soheil and Rohde, Gustavo K and Slep{\v{c}}ev, Dejan},
  journal   = {Journal of mathematical imaging and vision},
  title     = {A Transportation {L}p Distance for Signal Analysis},
  year      = {2017},
  number    = {2},
  pages     = {187--210},
  volume    = {59},
  publisher = {Springer},
}

@misc{drovandi2021comparison,
      title={A Comparison of Likelihood-Free Methods With and Without Summary Statistics}, 
      author={Christopher Drovandi and David T Frazier},
      year={2021},
      eprint={2103.02407},
      archivePrefix={arXiv},
      primaryClass={stat.ME}
}

@Article{BlierWong2020,
  author    = {Christopher Blier-Wong and H{\'{e}}l{\`{e}}ne Cossette and Luc Lamontagne and Etienne Marceau},
  journal   = {Risks},
  title     = {Machine Learning in P{\&}C Insurance: A Review for Pricing and Reserving},
  year      = {2020},
  month     = {dec},
  number    = {1},
  pages     = {4},
  volume    = {9},
  doi       = {10.3390/risks9010004},
  publisher = {{MDPI} {AG}},
}

@Article{Gourieroux1993,
  author    = {C. Gourieroux and A. Monfort and E. Renault},
  journal   = {Journal of Applied Econometrics},
  title     = {Indirect inference},
  year      = {1993},
  month     = {dec},
  number    = {S1},
  pages     = {S85--S118},
  volume    = {8},
  doi       = {10.1002/jae.3950080507},
  publisher = {Wiley},
}

@Article{Goffard2021,
  author    = {Pierre-Olivier Goffard and Patrick J. Laub},
  journal   = {Insurance: Mathematics and Economics},
  title     = {Approximate Bayesian Computations to fit and compare insurance loss models},
  year      = {2021},
  month     = {sep},
  pages     = {350--371},
  volume    = {100},
  doi       = {10.1016/j.insmatheco.2021.06.002},
  publisher = {Elsevier {BV}},
}

@Misc{573694,
  author       = {Nameless (https://math.stackexchange.com/users/68482/nameless)},
  howpublished = {Mathematics Stack Exchange},
  note         = {URL:https://math.stackexchange.com/q/573694 (version: 2020-09-15)},
  title        = {Bayesian posterior with truncated normal prior},
  eprint       = {https://math.stackexchange.com/q/573694},
  url          = {https://math.stackexchange.com/q/573694},
}

@Article{albert1993bayesian,
  author    = {Albert, James H and Chib, Siddhartha},
  journal   = {Journal of the American statistical Association},
  title     = {Bayesian analysis of binary and polychotomous response data},
  year      = {1993},
  number    = {422},
  pages     = {669--679},
  volume    = {88},
  publisher = {Taylor \& Francis Group},
}

@Misc{albright_2019,
  author  = {Albright, Jeremy AlbrightC},
  month   = {Mar},
  title   = {What is the Difference Between Logit and Probit Models?},
  year    = {2019},
  journal = {Methods Consultants},
  url     = {https://tutorials.methodsconsultants.com/posts/what-is-the-difference-between-logit-and-probit-models/#:~:text=The logit model uses something,fall between 0 and 1.},
}

@Article{andrieu2016random,
  author    = {Andrieu, Christophe},
  journal   = {Biometrika},
  title     = {On random-and systematic-scan samplers},
  year      = {2016},
  number    = {3},
  pages     = {719--726},
  volume    = {103},
  publisher = {Oxford University Press},
}

@Article{arjas1994nonparametric,
  author    = {Arjas, Elja and Gasbarra, Dario},
  journal   = {Statistica sinica},
  title     = {Nonparametric Bayesian inference from right censored survival data, using the Gibbs sampler},
  year      = {1994},
  pages     = {505--524},
  publisher = {JSTOR},
}

@Article{ayer1955empirical,
  author    = {Ayer, Miriam and Brunk, H Daniel and Ewing, George M and Reid, William T and Silverman, Edward},
  journal   = {The annals of mathematical statistics},
  title     = {An empirical distribution function for sampling with incomplete information},
  year      = {1955},
  pages     = {641--647},
  publisher = {JSTOR},
}

@article{barlow1972isotonic,
  title={The isotonic regression problem and its dual},
  author={Barlow, Richard E and Brunk, Hugh D},
  journal={Journal of the American Statistical Association},
  volume={67},
  number={337},
  pages={140--147},
  year={1972},
  publisher={Taylor \& Francis}
}

@Article{barlow1972isotonic,
  author    = {Barlow, Richard E and Brunk, Hugh D},
  journal   = {Journal of the American Statistical Association},
  title     = {The isotonic regression problem and its dual},
  year      = {1972},
  number    = {337},
  pages     = {140--147},
  volume    = {67},
  publisher = {Taylor \& Francis Group},
}

@Book{barlow1972statistical,
  author = {Barlow, Richard E and Brunk, HD and Bartholomew, Daniel J and Bremner, James M},
  title  = {Statistical inference under order restrictions.(the theory and application of isotonic regression)},
  year   = {1972},
  school = {MISSOURI UNIV COLUMBIA DEPT OF STATISTICS},
}

@Article{barr1999mean,
  author    = {Barr, Donald R and Sherrill, E Todd},
  journal   = {The American Statistician},
  title     = {Mean and variance of truncated normal distributions},
  year      = {1999},
  number    = {4},
  pages     = {357--361},
  volume    = {53},
  publisher = {Taylor \& Francis Group},
}

@Misc{bartlett_2015,
  author  = {Bartlett, Jonathan},
  month   = {Jan},
  title   = {Why shouldn't I use linear regression if my outcome is binary?},
  year    = {2015},
  journal = {The Stats Geek},
  url     = {https://thestatsgeek.com/2015/01/17/why-shouldnt-i-use-linear-regression-if-my-outcome-is-binary/},
}

@Article{bayes1763lii,
  author    = {Bayes, Thomas},
  journal   = {Philosophical transactions of the Royal Society of London},
  title     = {LII. An essay towards solving a problem in the doctrine of chances. By the late Rev. Mr. Bayes, FRS communicated by Mr. Price, in a letter to John Canton, AMFR S},
  year      = {1763},
  number    = {53},
  pages     = {370--418},
  publisher = {The Royal Society London},
}

@Article{beichl2000metropolis,
  author    = {Beichl, Isabel and Sullivan, Francis},
  journal   = {Computing in Science \& Engineering},
  title     = {The metropolis algorithm},
  year      = {2000},
  number    = {1},
  pages     = {65--69},
  volume    = {2},
  publisher = {IEEE},
}

@Article{bellhouse2002some,
  author    = {Bellhouse, David},
  journal   = {Historia mathematica},
  title     = {On some recently discovered manuscripts of Thomas Bayes},
  year      = {2002},
  number    = {4},
  pages     = {383--394},
  volume    = {29},
  publisher = {Elsevier},
}

@Article{bornkamp2009bayesian,
  author    = {Bornkamp, Bj{\"o}rn and Ickstadt, Katja},
  journal   = {Biometrics},
  title     = {Bayesian nonparametric estimation of continuous monotone functions with applications to dose--response analysis},
  year      = {2009},
  number    = {1},
  pages     = {198--205},
  volume    = {65},
  publisher = {Wiley Online Library},
}

@Misc{boudreau_2019,
  author    = {Boudreau, Emmett},
  month     = {Dec},
  title     = {Isotonic Regression is THE Coolest Machine-Learning Model You Might Not Have Heard Of},
  year      = {2019},
  journal   = {Medium},
  publisher = {Towards Data Science},
  url       = {https://towardsdatascience.com/isotonic-regression-is-the-coolest-machine-learning-model-you-might-not-have-heard-of-3ce14afc6d1e#:~:text=Isotonic regression is,to predict sequences of observations.&text=This means that an isotonic,infer what to do next.},
}

@Misc{breheny,
  author  = {Breheny, Partick},
  title   = {MCMC Methods: Gibbs and Metropolis},
  year    = {2018},
  journal = {Bayesian Modelling in Biostatistics},
  url     = {https://myweb.uiowa.edu/pbreheny/uk/teaching/701/notes/2-28.pdf},
}

@Article{brooks1998markov,
  author    = {Brooks, Stephen},
  journal   = {Journal of the royal statistical society: series D (the Statistician)},
  title     = {Markov chain Monte Carlo method and its application},
  year      = {1998},
  number    = {1},
  pages     = {69--100},
  volume    = {47},
  publisher = {Wiley Online Library},
}

@Article{brunk1955maximum,
  author    = {Brunk, Hugh D},
  journal   = {The Annals of Mathematical Statistics},
  title     = {Maximum likelihood estimates of monotone parameters},
  year      = {1955},
  pages     = {607--616},
  publisher = {JSTOR},
}

@TechReport{brunk1972statistical,
  author = {Brunk, HD and Barlow, Richard E and Bartholomew, Daniel J and Bremner, James M},
  title  = {Statistical inference under order restrictions.(the theory and application of isotonic regression)},
  year   = {1972},
  school = {MISSOURI UNIV COLUMBIA DEPT OF STATISTICS},
}

@Article{busingmonotone,
  author = {Busing, Frank MTA},
  title  = {Monotone/Isotonic Regression: A Simple and Fast O (n) PAVA Implementation},
  year   = {2021},
}

@Article{busing1997proxscal,
  author  = {Busing, FMTA and Commandeur, Jacques JF and Heiser, Willem J and Bandilla, W and Faulbaum, F and others},
  journal = {Softstat},
  title   = {PROXSCAL: A multidimensional scaling program for individual differences scaling with constraints},
  year    = {1997},
  pages   = {67--74},
  volume  = {97},
}

@Unpublished{Section8,
  author       = {Damien Clancy},
  title        = {Lecture Notes for F79MB: Statistical Models B},
  year         = {2019-2020},
  howpublished = {University Lecture},
  school       = {Heriot Watt University},
}

@Book{cox1990classification,
  author    = {Cox, Andrew W and Lees, Frank P and Ang, ML},
  publisher = {IChemE},
  title     = {Classification of hazardous locations},
  year      = {1990},
}

@Article{de1774memoire,
  author  = {De Laplace, PS},
  journal = {M{\'e}m. Acad. Roy. Sci. Paris},
  title   = {M{\'e}moire sur les suites r{\'e}curro-r{\'e}currentes et sur leurs usages dans la th{\'e}orie des hasards},
  year    = {1774},
  pages   = {353--371},
  volume  = {6},
}

@Article{de2017exceedingly,
  author = {de Leeuw, Jan},
  title  = {Exceedingly Simple Monotone Regression},
  year   = {2017},
}

@Misc{de2016exceedingly,
  author = {de Leeuw, Jan},
  title  = {Exceedingly Simple Isotone Regression with Ties},
  year   = {2016},
}

@article{de2010isotone,
  title={Isotone optimization in R: pool-adjacent-violators algorithm (PAVA) and active set methods},
  author={De Leeuw, Jan and Hornik, Kurt and Mair, Patrick},
  journal={Journal of statistical software},
  volume={32},
  pages={1--24},
  year={2010}
}

@Article{denison1998automatic,
  author    = {Denison, DGT and Mallick, BK and Smith, AFM},
  journal   = {Journal of the Royal Statistical Society: Series B (Statistical Methodology)},
  title     = {Automatic Bayesian curve fitting},
  year      = {1998},
  number    = {2},
  pages     = {333--350},
  volume    = {60},
  publisher = {Wiley Online Library},
}

@Article{dongarra2000guest,
  author    = {Dongarra, Jack and Sullivan, Francis},
  journal   = {IEEE Annals of the History of Computing},
  title     = {Guest editors' introduction: The top 10 algorithms},
  year      = {2000},
  number    = {01},
  pages     = {22--23},
  volume    = {2},
  publisher = {IEEE Computer Society},
}

@InProceedings{drake2020understanding,
  author       = {Drake, RC and Chester, D and Glauser, A and Watkins, N and Webb, L},
  booktitle    = {AIP Conference Proceedings},
  title        = {Understanding spark formation and growth in inert porous media and the implications for the response of low density PETN to electrostatic discharge initiation},
  year         = {2020},
  organization = {AIP Publishing LLC},
  pages        = {030009},
  volume       = {2272},
}

@Book{dunn2018generalized,
  author    = {Dunn, Peter K and Smyth, Gordon K},
  publisher = {Springer},
  title     = {Generalized linear models with examples in R},
  year      = {2018},
}

@Article{dunson2005bayesian,
  author    = {Dunson, David B},
  journal   = {Journal of the American Statistical Association},
  title     = {Bayesian semiparametric isotonic regression for count data},
  year      = {2005},
  number    = {470},
  pages     = {618--627},
  volume    = {100},
  publisher = {Taylor \& Francis},
}

@TechReport{dunson2004bayesian,
  author = {Dunson, David B},
  title  = {Bayesian isotonic regression for discrete outcomes},
  year   = {2004},
  school = {Citeseer},
}

@Article{dykstra1982algorithm,
  author    = {Dykstra, Richard L and Robertson, Tim},
  journal   = {The Annals of Statistics},
  title     = {An algorithm for isotonic regression for two or more independent variables},
  year      = {1982},
  pages     = {708--716},
  publisher = {JSTOR},
}

@Article{fienberg2006did,
  author    = {Fienberg, Stephen E and others},
  journal   = {Bayesian analysis},
  title     = {When did Bayesian inference become" Bayesian"?},
  year      = {2006},
  number    = {1},
  pages     = {1--40},
  volume    = {1},
  publisher = {International Society for Bayesian Analysis},
}

@Article{fishman1996coordinate,
  author    = {Fishman, George S and others},
  journal   = {The Annals of Applied Probability},
  title     = {Coordinate selection rules for Gibbs sampling},
  year      = {1996},
  number    = {2},
  pages     = {444--465},
  volume    = {6},
  publisher = {Institute of Mathematical Statistics},
}

@Article{gelfand1991nonparametric,
  author    = {Gelfand, Alan E and Kuo, Lynn},
  journal   = {Biometrika},
  title     = {Nonparametric Bayesian bioassay including ordered polytomous response},
  year      = {1991},
  number    = {3},
  pages     = {657--666},
  volume    = {78},
  publisher = {Oxford University Press},
}

@Article{gelfand1990illustration,
  author    = {Gelfand, Alan E and Hills, Susan E and Racine-Poon, Amy and Smith, Adrian FM},
  journal   = {Journal of the American Statistical Association},
  title     = {Illustration of Bayesian inference in normal data models using Gibbs sampling},
  year      = {1990},
  number    = {412},
  pages     = {972--985},
  volume    = {85},
  publisher = {Taylor \& Francis Group},
}

@Book{gelman2013bayesian,
  author    = {Gelman, Andrew and Carlin, John B and Stern, Hal S and Dunson, David B and Vehtari, Aki and Rubin, Donald B},
  publisher = {CRC press},
  title     = {Bayesian data analysis},
  year      = {2013},
}

@Article{geman1984stochastic,
  author    = {Geman, Stuart and Geman, Donald},
  journal   = {IEEE Transactions on pattern analysis and machine intelligence},
  title     = {Stochastic relaxation, Gibbs distributions, and the Bayesian restoration of images},
  year      = {1984},
  number    = {6},
  pages     = {721--741},
  publisher = {IEEE},
}

@Article{geweke1992evaluating,
  author    = {Geweke, John},
  journal   = {Bayesian statistics},
  title     = {Evaluating the accuracy of sampling-based approaches to the calculations of posterior moments},
  year      = {1992},
  pages     = {641--649},
  volume    = {4},
  publisher = {Clarendon Press},
}

@Article{geweke1991efficient,
  author       = {Geweke, John},
  title        = {Efficient simulation from the multivariate normal and student-t distributions subject to linear constraints and the evaluation of constraint probabilities},
  year         = {1991},
  pages        = {578},
  volume       = {571},
  booktitle    = {Computing science and statistics: Proceedings of the 23rd symposium on the interface},
  organization = {Citeseer},
}

@Article{guttman1968general,
  author    = {Guttman, Louis},
  journal   = {Psychometrika},
  title     = {A general nonmetric technique for finding the smallest coordinate space for a configuration of points},
  year      = {1968},
  number    = {4},
  pages     = {469--506},
  volume    = {33},
  publisher = {Springer},
}

@Article{hall2020package,
  author = {Hall, Byron and Hall, Martina and Statisticat, LLC and Brown, Eric and Hermanson, Richard and Charpentier, Emmanuel and Heck, Daniel and Laurent, Stephane and Gronau, Quentin F and Singmann, Henrik and others},
  title  = {Package â€˜LaplacesDemonâ€™},
  year   = {2020},
}

@Article{hamra2013markov,
  author    = {Hamra, Ghassan and MacLehose, Richard and Richardson, David},
  journal   = {International journal of epidemiology},
  title     = {Markov chain Monte Carlo: an introduction for epidemiologists},
  year      = {2013},
  number    = {2},
  pages     = {627--634},
  volume    = {42},
  publisher = {Oxford University Press},
}

@Article{han2019isotonic,
  author    = {Han, Qiyang and Wang, Tengyao and Chatterjee, Sabyasachi and Samworth, Richard J and others},
  journal   = {The Annals of Statistics},
  title     = {Isotonic regression in general dimensions},
  year      = {2019},
  number    = {5},
  pages     = {2440--2471},
  volume    = {47},
  publisher = {Institute of Mathematical Statistics},
}

@Article{hastings1970monte,
  author    = {Hastings, W Keith},
  title     = {Monte Carlo sampling methods using Markov chains and their applications},
  year      = {1970},
  publisher = {Oxford University Press},
}

@Misc{hayes_2020,
  author    = {Hayes, Adam},
  month     = {Nov},
  title     = {Understanding T Distribution},
  year      = {2020},
  journal   = {Investopedia},
  publisher = {Investopedia},
  url       = {https://www.investopedia.com/terms/t/tdistribution.asp},
}

@Article{he2016scan,
  author    = {He, Bryan and De Sa, Christopher and Mitliagkas, Ioannis and R{\'e}, Christopher},
  journal   = {Advances in neural information processing systems},
  title     = {Scan order in Gibbs sampling: Models in which it matters and bounds on how much},
  year      = {2016},
  volume    = {29},
  publisher = {NIH Public Access},
}

@Article{hirotsu2005isotonic,
  author    = {Hirotsu, C},
  journal   = {Encyclopedia of Biostatistics},
  title     = {Isotonic inference},
  year      = {2005},
  volume    = {4},
  publisher = {Wiley Online Library},
}

@Article{holmes2003generalized,
  author    = {Holmes, CC and Heard, NA},
  journal   = {Statistics in Medicine},
  title     = {Generalized monotonic regression using random change points},
  year      = {2003},
  number    = {4},
  pages     = {623--638},
  volume    = {22},
  publisher = {Wiley Online Library},
}

@Misc{ingle_2020,
  author = {Ingle, Atharva},
  month  = {Aug},
  title  = {Why not Mean Squared Error(MSE) as a loss function for Logistic Regression?},
  year   = {2020},
  url    = {https://atharvaai7.wordpress.com/2020/08/11/why-not-mean-squared-errormse-as-a-loss-function-for-logistic-regression/},
}

@Book{energy2006ignition,
  author    = {Energy Institute},
  publisher = {Energy Institute},
  title     = {Ignition Probability Review, Model Development and Look-up Correlations},
  year      = {2006},
}

@Article{jaynes1986bayesian,
  author    = {Jaynes, Edwin T},
  title     = {Bayesian methods: General background},
  year      = {1986},
  publisher = {Citeseer},
}

@Book{kaiser2005electrostatic,
  author    = {Kaiser, Kenneth L},
  publisher = {CRC Press},
  title     = {Electrostatic discharge},
  year      = {2005},
}

@Article{klaus2012estimation,
  author  = {Klaus, B and Strimmer, K},
  journal = {fdrtool. R package version},
  title   = {Estimation of (local) false discovery rates and higher criticism},
  year    = {2012},
  pages   = {15},
  volume  = {1},
}

@Article{kroese2014monte,
  author    = {Kroese, Dirk P and Brereton, Tim and Taimre, Thomas and Botev, Zdravko I},
  journal   = {Wiley Interdisciplinary Reviews: Computational Statistics},
  title     = {Why the Monte Carlo method is so important today},
  year      = {2014},
  number    = {6},
  pages     = {386--392},
  volume    = {6},
  publisher = {Wiley Online Library},
}

@Misc{lam_2017,
  author  = {Lam, Partick},
  title   = {Convergence Diagnostics},
  year    = {2017},
  journal = {Patrick Lam},
  url     = {http://patricklam.org/teaching/convergence$\_$print.pdf},
}

@Article{levine2005note,
  author    = {Levine, Richard A},
  journal   = {Journal of Statistical Computation and Simulation},
  title     = {A note on Markov chain Monte Carlo sweep strategies},
  year      = {2005},
  number    = {4},
  pages     = {253--262},
  volume    = {75},
  publisher = {Taylor \& Francis},
}

@Article{levine2006optimizing,
  author    = {Levine, Richard A and Casella, George},
  journal   = {Journal of Multivariate Analysis},
  title     = {Optimizing random scan Gibbs samplers},
  year      = {2006},
  number    = {10},
  pages     = {2071--2100},
  volume    = {97},
  publisher = {Elsevier},
}

@Article{link2012thinning,
  author    = {Link, William A and Eaton, Mitchell J},
  journal   = {Methods in ecology and evolution},
  title     = {On thinning of chains in MCMC},
  year      = {2012},
  number    = {1},
  pages     = {112--115},
  volume    = {3},
  publisher = {Wiley Online Library},
}

@Article{liu2014projecting,
  author  = {Liu, Xianghang and Domke, Justin},
  journal = {arXiv preprint arXiv:1411.1119},
  title   = {Projecting markov random field parameters for fast mixing},
  year    = {2014},
}

@Article{liu1995covariance,
  author    = {Liu, Jun S and Wong, Wing H and Kong, Augustine},
  journal   = {Journal of the Royal Statistical Society: Series B (Methodological)},
  title     = {Covariance structure and convergence rate of the Gibbs sampler with various scans},
  year      = {1995},
  number    = {1},
  pages     = {157--169},
  volume    = {57},
  publisher = {Wiley Online Library},
}

@Article{luss2014generalized,
  author    = {Luss, Ronny and Rosset, Saharon},
  journal   = {Journal of Computational and Graphical Statistics},
  title     = {Generalized isotonic regression},
  year      = {2014},
  number    = {1},
  pages     = {192--210},
  volume    = {23},
  publisher = {Taylor \& Francis},
}

@Article{luss2012efficient,
  author    = {Luss, Ronny and Rosset, Saharon and Shahar, Moni and others},
  journal   = {The Annals of Applied Statistics},
  title     = {Efficient regularized isotonic regression with application to gene--gene interaction search},
  year      = {2012},
  number    = {1},
  pages     = {253--283},
  volume    = {6},
  publisher = {Institute of Mathematical Statistics},
}

@Article{mair2009isotone,
  author    = {Mair, Patrick and Hornik, Kurt and de Leeuw, Jan},
  journal   = {Journal of statistical software},
  title     = {Isotone optimization in R: pool-adjacent-violators algorithm (PAVA) and active set methods},
  year      = {2009},
  number    = {5},
  pages     = {1--24},
  volume    = {32},
  publisher = {American Statistical Association},
}

@Misc{mair2021package,
  author    = {Mair, Patrick and De Leeuw, Jan and Borg, Ingwer and Groenen, Patrick JF and Mair, Maintainer Patrick},
  title     = {Package â€˜smacofâ€™},
  year      = {2021},
  publisher = {Von http://cran. at. r-project. org/: http://cran. r-project. org/web~â€¦},
}

@Book{marin2007bayesian,
  author    = {Marin, Jean-Michel and Robert, Christian},
  publisher = {Springer Science \& Business Media},
  title     = {Bayesian core: a practical approach to computational Bayesian statistics},
  year      = {2007},
}

@Article{mattila2017computing,
  author    = {Mattila, Robert and Rojas, Cristian R and Krishnamurthy, Vikram and Wahlberg, Bo},
  journal   = {IFAC-PapersOnLine},
  title     = {Computing monotone policies for Markov decision processes: a nearly-isotonic penalty approach},
  year      = {2017},
  number    = {1},
  pages     = {8429--8434},
  volume    = {50},
  publisher = {Elsevier},
}

@Article{metropolis1953equation,
  author    = {Metropolis, Nicholas and Rosenbluth, Arianna W and Rosenbluth, Marshall N and Teller, Augusta H and Teller, Edward},
  journal   = {The journal of chemical physics},
  title     = {Equation of state calculations by fast computing machines},
  year      = {1953},
  number    = {6},
  pages     = {1087--1092},
  volume    = {21},
  publisher = {American Institute of Physics},
}

@Article{minami2020estimating,
  author    = {Minami, Kentaro and others},
  journal   = {Electronic Journal of Statistics},
  title     = {Estimating piecewise monotone signals},
  year      = {2020},
  number    = {1},
  pages     = {1508--1576},
  volume    = {14},
  publisher = {The Institute of Mathematical Statistics and the Bernoulli Society},
}

@Misc{minka_2005,
  author  = {Minka, Tom},
  month   = {Sep},
  title   = {Bayesian model selection},
  year    = {2005},
  journal = {Bayesian model selection},
  url     = {http://alumni.media.mit.edu/~tpminka/statlearn/demo/},
}

@article{neelon2004bayesian,
  title={Bayesian isotonic regression and trend analysis},
  author={Neelon, Brian and Dunson, David B},
  journal={Biometrics},
  volume={60},
  number={2},
  pages={398--406},
  year={2004},
  publisher={Wiley Online Library}
}

@Article{neelon2004bayesian,
  author    = {Neelon, Brian and Dunson, David B},
  journal   = {Biometrics},
  title     = {Bayesian isotonic regression and trend analysis},
  year      = {2004},
  number    = {2},
  pages     = {398--406},
  volume    = {60},
  publisher = {Wiley Online Library},
}

@Article{neyer1994ad,
  author    = {Neyer, Barry T},
  journal   = {Technometrics},
  title     = {A D-optimality-based sensitivity test},
  year      = {1994},
  number    = {1},
  pages     = {61--70},
  volume    = {36},
  publisher = {Taylor \& Francis},
}

@Misc{nuesch1991order,
  author    = {Nuesch, PE},
  title     = {Order Restricted Statistical Inference.},
  year      = {1991},
  publisher = {JSTOR},
}

@Article{okoli2018model,
  author    = {Okoli, Kenechukwu and Breinl, Korbinian and Brandimarte, Luigia and Botto, Anna and Volpi, Elena and Di Baldassarre, Giuliano},
  journal   = {Hydrological Sciences Journal},
  title     = {Model averaging versus model selection: estimating design floods with uncertain river flow data},
  year      = {2018},
  number    = {13-14},
  pages     = {1913--1926},
  volume    = {63},
  publisher = {Taylor \& Francis},
}

@Article{o2002tutorial,
  author    = {Oâ€™Neill, Philip D},
  journal   = {Mathematical biosciences},
  title     = {A tutorial introduction to Bayesian inference for stochastic epidemic models using Markov chain Monte Carlo methods},
  year      = {2002},
  number    = {1-2},
  pages     = {103--114},
  volume    = {180},
  publisher = {Elsevier},
}

@Article{pardalos1999algorithms,
  author    = {Pardalos, Panos M and Xue, Guoliang},
  journal   = {Algorithmica},
  title     = {Algorithms for a class of isotonic regression problems},
  year      = {1999},
  number    = {3},
  pages     = {211--222},
  volume    = {23},
  publisher = {Springer},
}

@Article{pesce2012modelling,
  author  = {Pesce, M and Paci, P and Garrone, S and Pastorino, R and Fabiano, B},
  journal = {Chemical Engineering Transactions},
  title   = {Modelling ignition probabilities within the framework of quantitative risk assessments},
  year    = {2012},
  pages   = {141--146},
  volume  = {26},
}

@Article{plummer2006coda,
  author  = {Plummer, Martyn and Best, Nicky and Cowles, Kate and Vines, Karen},
  journal = {R news},
  title   = {CODA: convergence diagnosis and output analysis for MCMC},
  year    = {2006},
  number  = {1},
  pages   = {7--11},
  volume  = {6},
}

@InProceedings{preston2012small,
  author       = {Preston, Daniel and Brown, Geoffrey and Skidmore, Cary B and Reardon, Bettina L and Parkinson, David A},
  booktitle    = {AIP Conference Proceedings},
  title        = {Small-scale explosives sensitivity saftey testing: A departure from Bruceton},
  year         = {2012},
  organization = {American Institute of Physics},
  pages        = {713--716},
  volume       = {1426},
}

@Article{ramgopal1993nonparametric,
  author    = {Ramgopal, P and Laud, PW and Smith, AFM},
  journal   = {Biometrika},
  title     = {Nonparametric Bayesian bioassay with prior constraints on the shape of the potency curve},
  year      = {1993},
  number    = {3},
  pages     = {489--498},
  volume    = {80},
  publisher = {Oxford University Press},
}

@Article{ramsay1998estimating,
  author    = {Ramsay, James O},
  journal   = {Journal of the Royal Statistical Society: Series B (Statistical Methodology)},
  title     = {Estimating smooth monotone functions},
  year      = {1998},
  number    = {2},
  pages     = {365--375},
  volume    = {60},
  publisher = {Wiley Online Library},
}

@Misc{r2017language,
  author    = {R Development Core, Team},
  title     = {A language and environment for statistical computing},
  year      = {2017},
  publisher = {The R Foundation for Statistical Computing, Department of Agronomy, Faculty~â€¦},
}

@Misc{rew2004development,
  author    = {Rew, PJ and Daycock, L},
  title     = {Development of a method for the determination of on-site ignition probabilities, HSE Contractor Report WSA/226},
  year      = {2004},
  publisher = {HSE Books, London (UK)},
}

@Article{robertson1988order,
  author  = {Robertson, T and Wright, F. T and Dykstra, R. L},
  journal = {Journal of Applied Econometrics},
  title   = {Order restricted statistical inference, T. Robertson, F. T. Wright, R. L. Dykstra Wiley Series in Probability and Mathematical Statistics, John Wiley and Sons, Chichester, 1988. ISBN 0-471-91787-7 cloth, Â£37.50, pp. 488},
  year    = {1988},
  number  = {1},
  pages   = {105-107},
  volume  = {6},
  doi     = {https://doi.org/10.1002/jae.3950060111},
}

@Article{saarela2011method,
  author    = {Saarela, Olli and Arjas, Elja},
  journal   = {Scandinavian Journal of Statistics},
  title     = {A method for Bayesian monotonic multiple regression},
  year      = {2011},
  number    = {3},
  pages     = {499--513},
  volume    = {38},
  publisher = {Wiley Online Library},
}

@PhdThesis{salanti2003isotonic,
  author     = {Salanti, Georgia},
  title      = {The isotonic regression framework: estimating and testing under order restrictions},
  year       = {2003},
  university = {Ludwig-Maximillians University of Munich},
}

@Article{schorning2016model,
  author    = {Schorning, Kirsten and Bornkamp, Bj{\"o}rn and Bretz, Frank and Dette, Holger},
  journal   = {Statistics in medicine},
  title     = {Model selection versus model averaging in dose finding studies},
  year      = {2016},
  number    = {22},
  pages     = {4021--4040},
  volume    = {35},
  publisher = {Wiley Online Library},
}

@Article{shively2009bayesian,
  author    = {Shively, Thomas S and Sager, Thomas W and Walker, Stephen G},
  journal   = {Journal of the Royal Statistical Society: Series B (Statistical Methodology)},
  title     = {A Bayesian approach to non-parametric monotone function estimation},
  year      = {2009},
  number    = {1},
  pages     = {159--175},
  volume    = {71},
  publisher = {Wiley Online Library},
}

@Article{skinner1998electrostatic,
  author    = {Skinner, Darin and Olson, Douglas and Block-Bolten, Andrew},
  journal   = {Propellants, Explosives, Pyrotechnics},
  title     = {Electrostatic discharge ignition of energetic materials},
  year      = {1998},
  number    = {1},
  pages     = {34--42},
  volume    = {23},
  publisher = {Wiley Online Library},
}

@Article{smith1996nonparametric,
  author    = {Smith, Michael and Kohn, Robert},
  journal   = {Journal of Econometrics},
  title     = {Nonparametric regression using Bayesian variable selection},
  year      = {1996},
  number    = {2},
  pages     = {317--343},
  volume    = {75},
  publisher = {Elsevier},
}

@Article{stoop1982use,
  author  = {Stoop, I and De Leeuw, J},
  journal = {Department of Data Theory, University of Leiden},
  title   = {How to use SMACOF-1B},
  year    = {1982},
}

@Article{stout2015isotonic,
  author    = {Stout, Quentin F},
  journal   = {Algorithmica},
  title     = {Isotonic regression for multiple independent variables},
  year      = {2015},
  number    = {2},
  pages     = {450--470},
  volume    = {71},
  publisher = {Springer},
}

@Article{stylianou2002dose,
  author    = {Stylianou, Mario and Flournoy, Nancy},
  journal   = {Biometrics},
  title     = {Dose finding using the biased coin up-and-down design and isotonic regression},
  year      = {2002},
  number    = {1},
  pages     = {171--177},
  volume    = {58},
  publisher = {Wiley Online Library},
}

@Article{sysoev2019smoothed,
  author    = {Sysoev, Oleg and Burdakov, Oleg},
  journal   = {Knowledge and Information Systems},
  title     = {A smoothed monotonic regression via l2 regularization},
  year      = {2019},
  number    = {1},
  pages     = {197--218},
  volume    = {59},
  publisher = {Springer},
}

@Book{taboga_2017,
  author    = {Taboga, Mark},
  publisher = {Kindle Direct Publishing},
  title     = {Markov Chain Monte Carlo (MCMC) diagnostics},
  year      = {2017},
  journal   = {Lectures on probability theory and mathematical statistics, Third edition},
  url       = {https://www.statlect.com/fundamentals-of-statistics/},
}

@Misc{tay_2020,
  author  = {Tay, J K},
  month   = {May},
  title   = {What is nearly-isotonic regression?},
  year    = {2020},
  journal = {Statistical Odds & Ends},
  url     = {https://statisticaloddsandends.wordpress.com/2020/05/26/what-is-nearly-isotonic-regression/},
}

@Misc{taylor_2013,
  author  = {Taylor, Jeremy J.},
  month   = {Apr},
  title   = {Confusing Stats Terms Explained: Heteroscedasticity (Heteroskedasticity)},
  year    = {2013},
  journal = {Stats Make Me Cry Consulting},
  url     = {http://www.statsmakemecry.com/smmctheblog/confusing-stats-terms-explained-heteroscedasticity-heteroske.html},
}

@Misc{1867065,
  author       = {theoGR (https://math.stackexchange.com/users/355331/theogr)},
  howpublished = {Mathematics Stack Exchange},
  note         = {URL:https://math.stackexchange.com/q/1867065 (version: 2016-07-22)},
  title        = {Bayesian posterior with truncated normal prior},
  url          = {https://math.stackexchange.com/q/1867065},
}

@Article{tibshirani2011nearly,
  author    = {Tibshirani, Ryan J and Hoefling, Holger and Tibshirani, Robert},
  journal   = {Technometrics},
  title     = {Nearly-isotonic regression},
  year      = {2011},
  number    = {1},
  pages     = {54--61},
  volume    = {53},
  publisher = {Taylor \& Francis},
}

@Article{trautmann2015package,
  author = {Trautmann, Heike and Steuer, Detlef and Mersmann, Olaf and Bornkamp, Bj{\"o}rn and Mersmann, Maintainer Olaf},
  title  = {Package â€˜truncnormâ€™},
  year   = {2015},
}

@Misc{turner2015iso,
  author = {Turner, R},
  title  = {Iso: functions to perform isotonic regression [Computer software manual]},
  year   = {2015},
}

@Book{veglio2018waste,
  author    = {Vegli{\`o}, Francesco and Birloaga, Ionela},
  publisher = {Woodhead Publishing},
  title     = {Waste Electrical and Electronic Equipment Recycling: Aqueous Recovery Methods},
  year      = {2018},
}

@Article{wang2003numerical,
  author    = {Wang, Kai and Pommerenke, David and Chundru, Ramachandran and Van Doren, Tom and Drewniak, James L and Shashindranath, Ashwin},
  journal   = {IEEE Transactions on electromagnetic compatibility},
  title     = {Numerical modeling of electrostatic discharge generators},
  year      = {2003},
  number    = {2},
  pages     = {258--271},
  volume    = {45},
  publisher = {IEEE},
}

@Article{wasserman2000bayesian,
  author    = {Wasserman, Larry and others},
  journal   = {Journal of mathematical psychology},
  title     = {Bayesian model selection and model averaging},
  year      = {2000},
  number    = {1},
  pages     = {92--107},
  volume    = {44},
  publisher = {Elsevier Science},
}

@Misc{webb_2017,
  author  = {Webb, Jeff},
  month   = {Sep},
  title   = {Course Notes for IS 6489, Statistics and Predictive Analytics Chapter 8},
  year    = {2017},
  journal = {Bookdown},
  url     = {https://bookdown.org/jefftemplewebb/IS-6489/logistic-regression.html},
}

@Article{Gilks1992,
  author    = {W. R. Gilks and P. Wild},
  journal   = {Applied Statistics},
  title     = {Adaptive Rejection Sampling for Gibbs Sampling},
  year      = {1992},
  number    = {2},
  pages     = {337},
  volume    = {41},
  doi       = {10.2307/2347565},
  publisher = {{JSTOR}},
}

@Article{Fielding1974,
  author    = {A. Fielding and R. E. Barlow and D. J. Bartholomew and J. M. Bremner and H. D. Brunk},
  journal   = {Journal of the Royal Statistical Society. Series A (General)},
  title     = {Statistical Inference Under Order Restrictions. The Theory and Application of Isotonic Regression.},
  year      = {1974},
  number    = {1},
  pages     = {92},
  volume    = {137},
  doi       = {10.2307/2345150},
  publisher = {{JSTOR}},
}

@Misc{Wuethrich2023,
  author    = {WÃ¼thrich, Mario V. and Ziegel, Johanna},
  title     = {Isotonic Recalibration under a Low Signal-to-Noise Ratio},
  year      = {2023},
  copyright = {Creative Commons Attribution 4.0 International},
  doi       = {10.48550/ARXIV.2301.02692},
  keywords  = {Methodology (stat.ME), Machine Learning (cs.LG), Statistics Theory (math.ST), Computational Finance (q-fin.CP), Statistical Finance (q-fin.ST), Machine Learning (stat.ML), FOS: Computer and information sciences, FOS: Mathematics, FOS: Economics and business},
  publisher = {arXiv},
}

@InCollection{2005,
  author    = {D. Dickson},
  booktitle = {Insurance Risk and Ruin},
  publisher = {Cambridge University Press},
  title     = {Principles of premium calculation},
  year      = {2005},
  month     = {jan},
  pages     = {38--51},
  doi       = {10.1017/cbo9780511624155.004},
}

 
@Article{Antonio2011,
  author    = {Antonio, Katrien and Valdez, Emiliano A.},
  journal   = {AStA Advances in Statistical Analysis},
  title     = {Statistical concepts of a priori and a posteriori risk classification in insurance},
  year      = {2011},
  issn      = {1863-818X},
  month     = feb,
  number    = {2},
  pages     = {187--224},
  volume    = {96},
  doi       = {10.1007/s10182-011-0152-7},
  publisher = {Springer Science and Business Media LLC},
}

 
@Article{Hansen1982,
  author    = {Hansen, Lars Peter},
  journal   = {Econometrica},
  title     = {Large Sample Properties of Generalized Method of Moments Estimators},
  year      = {1982},
  issn      = {0012-9682},
  month     = jul,
  number    = {4},
  pages     = {1029},
  volume    = {50},
  doi       = {10.2307/1912775},
  publisher = {JSTOR},
}

 
@Article{SASABUCHI1983,
  author    = {SASABUCHI, S. and INUTSUKA, M. and KULATUNGA, D. D. S.},
  journal   = {Biometrika},
  title     = {A multivariate version of isotonic regression},
  year      = {1983},
  issn      = {1464-3510},
  number    = {2},
  pages     = {465--472},
  volume    = {70},
  doi       = {10.1093/biomet/70.2.465},
  publisher = {Oxford University Press (OUP)},
}

@Article{Frees2017,
  author  = {Frees, Edward W and Lee, Gee},
  journal = {Variance},
  title   = {Rating endorsements using generalized linear models},
  year    = {2017},
  number  = {1},
  pages   = {51--74},
  volume  = {10},
}

@Book{Klugman2019,
  author    = {Klugman, Stuart A. and Panjer, Harry H. and Willmot, Gordon E.},
  publisher = {Wiley},
  title     = {Loss Models From Data to Decisions},
  year      = {2019},
  isbn      = {9781119523789},
  pages     = {560},
  subtitle  = {From Data to Decisions},
}

 
@Article{Delong2023,
  author    = {Delong, Lukasz and Wuthrich, Mario V.},
  journal   = {SSRN Electronic Journal},
  title     = {The Role of the Variance Function in Mean Estimation and Validation},
  year      = {2023},
  issn      = {1556-5068},
  doi       = {10.2139/ssrn.4477677},
  publisher = {Elsevier BV},
}

@Misc{Machado2024,
  author    = {Machado, Agathe Fernandes and Charpentier, Arthur and Flachaire, Emmanuel and Gallic, Ewen and Hu, FranÃ§ois},
  title     = {From Uncertainty to Precision: Enhancing Binary Classifier Performance through Calibration},
  year      = {2024},
  copyright = {Creative Commons Attribution 4.0 International},
  doi       = {10.48550/ARXIV.2402.07790},
  keywords  = {Machine Learning (cs.LG), FOS: Computer and information sciences, FOS: Computer and information sciences},
  publisher = {arXiv},
}

@Comment{jabref-meta: databaseType:bibtex;}

@Comment{jabref-meta: grouping:
0 AllEntriesGroup:;
1 StaticGroup:Markings\;2\;1\;\;\;\;;
2 StaticGroup:[pierr:]\;2\;1\;\;\;\;;
2 StaticGroup:pierr:6\;2\;1\;\;\;\;;
}
